<?xml version="1.0" encoding="UTF-8"?><collection xmlns="http://www.loc.gov/MARC21/slim"><record><leader>00697nam--2200205-i-4500</leader><controlfield tag="001">000026766</controlfield><controlfield tag="002">20161230</controlfield><controlfield tag="005">20161230201036</controlfield><controlfield tag="008">060222s1000------------r-----000-0-eng-d</controlfield><datafield ind1=" " ind2=" " tag="020"><subfield code="a">3540110216</subfield></datafield><datafield ind1=" " ind2=" " tag="040"><subfield code="a">IFIN-HH</subfield></datafield><datafield ind1=" " ind2=" " tag="080"><subfield code="a">538.375:537.222.22:621.315.592(061.3)</subfield></datafield><datafield ind1="1" ind2=" " tag="100"><subfield code="a">Schulz, M</subfield></datafield><datafield ind1="1" ind2="0" tag="245"><subfield code="a">Insulating films on semiconductors</subfield><subfield code="b">Proceedings of the second international conference, infos 81, erlangen, fed. rep. of germany, april 27-29, 1981</subfield><subfield code="c">M. schulz, g. pensl (eds.)</subfield></datafield><datafield ind1=" " ind2=" " tag="260"><subfield code="a">Berlin</subfield><subfield code="b">Springer-verlag</subfield><subfield code="c">1981</subfield></datafield><datafield ind1=" " ind2=" " tag="300"><subfield code="a">316P</subfield></datafield><datafield ind1=" " ind2=" " tag="490"><subfield code="a">Springer Series In Electrophysics</subfield><subfield code="v">Volume 7</subfield></datafield><datafield ind1=" " ind2=" " tag="700"><subfield code="a">Pensl, G</subfield><subfield code="e">Ed</subfield></datafield><datafield ind1=" " ind2=" " tag="852"><subfield code="a">46525</subfield><subfield code="c">537.533</subfield></datafield><datafield ind1=" " ind2=" " tag="CAT"><subfield code="a">Sys</subfield><subfield code="c">20110830</subfield><subfield code="h">114642</subfield></datafield></record></collection>